@article{liptay68,
 author = {Liptay, J. S.},
 title = {Structural aspects of the System/360 Model 85: II the cache},
 journal = {IBM Syst. J.},
 issue_date = {March 1968},
 volume = {7},
 number = {1},
 month = mar,
 year = {1968},
 issn = {0018-8670},
 pages = {15--21},
 numpages = {7},
 url = {http://dx.doi.org/10.1147/sj.71.0015},
 doi = {10.1147/sj.71.0015},
 acmid = {1663413},
 publisher = {IBM Corp.},
 address = {Riverton, NJ, USA},
}

@inproceedings{Bienia:2008:PBS:1454115.1454128,
 author = {Bienia, Christian and Kumar, Sanjeev and Singh, Jaswinder Pal and Li, Kai},
 title = {The PARSEC benchmark suite: characterization and architectural implications},
 booktitle = {Proceedings of the 17th international conference on Parallel architectures and compilation techniques},
 series = {PACT '08},
 year = {2008},
 isbn = {978-1-60558-282-5},
 location = {Toronto, Ontario, Canada},
 pages = {72--81},
 numpages = {10},
 url = {http://doi.acm.org/10.1145/1454115.1454128},
 doi = {10.1145/1454115.1454128},
 acmid = {1454128},
 publisher = {ACM},
 address = {New York, NY, USA},
 keywords = {benchmark suite, multithreading, performance measurement, shared-memory computers},
} 

@inproceedings{Blackburn:2006:DBJ:1167473.1167488,
 author = {Blackburn, Stephen M. and Garner, Robin and Hoffmann, Chris and Khang, Asjad M. and McKinley, Kathryn S. and Bentzur, Rotem and Diwan, Amer and Feinberg, Daniel and Frampton, Daniel and Guyer, Samuel Z. and Hirzel, Martin and Hosking, Antony and Jump, Maria and Lee, Han and Moss, J. Eliot B. and Phansalkar, Aashish and Stefanovi\'{c}, Darko and VanDrunen, Thomas and von Dincklage, Daniel and Wiedermann, Ben},
 title = {The DaCapo benchmarks: java benchmarking development and analysis},
 booktitle = {Proceedings of the 21st annual ACM SIGPLAN conference on Object-oriented programming systems, languages, and applications},
 series = {OOPSLA '06},
 year = {2006},
 isbn = {1-59593-348-4},
 location = {Portland, Oregon, USA},
 pages = {169--190},
 numpages = {22},
 url = {http://doi.acm.org/10.1145/1167473.1167488},
 doi = {10.1145/1167473.1167488},
 acmid = {1167488},
 publisher = {ACM},
 address = {New York, NY, USA},
 keywords = {DaCapo, Java, SPEC, benchmark, methodology},
} 

@article{Llanos:2006:TOT:1228268.1228270,
 author = {Llanos, Diego R.},
 title = {TPCC-UVa: an open-source TPC-C implementation for global performance measurement of computer systems},
 journal = {SIGMOD Rec.},
 issue_date = {December 2006},
 volume = {35},
 number = {4},
 month = dec,
 year = {2006},
 issn = {0163-5808},
 pages = {6--15},
 numpages = {10},
 url = {http://doi.acm.org/10.1145/1228268.1228270},
 doi = {10.1145/1228268.1228270},
 acmid = {1228270},
 publisher = {ACM},
 address = {New York, NY, USA},
 keywords = {TPC, on-line transaction processing, performance measurement},
}

@inproceedings{Liu:2011:SPD:2048066.2048070,
 author = {Liu, Tongping and Berger, Emery D.},
 title = {SHERIFF: precise detection and automatic mitigation of false sharing},
 booktitle = {Proceedings of the 2011 ACM international conference on Object oriented programming systems languages and applications},
 series = {OOPSLA '11},
 year = {2011},
 isbn = {978-1-4503-0940-0},
 location = {Portland, Oregon, USA},
 pages = {3--18},
 numpages = {16},
 url = {http://doi.acm.org/10.1145/2048066.2048070},
 doi = {10.1145/2048066.2048070},
 acmid = {2048070},
 publisher = {ACM},
 address = {New York, NY, USA},
 keywords = {false sharing, multi-threaded},
} 
